<?xml version="1.0" encoding="UTF-8"?><collection xmlns="http://www.loc.gov/MARC21/slim"><record><leader>00416nam--2200121-i-4500</leader><controlfield tag="001">000020949</controlfield><controlfield tag="002">20161230</controlfield><controlfield tag="005">20161230201033</controlfield><controlfield tag="008">060222s1000------------r-----000-0-eng-d</controlfield><datafield ind1=" " ind2=" " tag="080"><subfield code="a">69(061.3)</subfield></datafield><datafield ind1=" " ind2=" " tag="245"><subfield code="a">Reuniunea franco-romana pe tema informarii stiintifice si tehnice in domeniile: constructii, lucrari publice, urbanism si amenajarea teritoriului. simpozion</subfield></datafield><datafield ind1=" " ind2=" " tag="260"><subfield code="a">Bucuresti, Cdcas, 1994, 259 P</subfield></datafield><datafield ind1=" " ind2=" " tag="852"><subfield code="a">80295</subfield></datafield></record></collection>